2934 4692
512 344 611 398 uvtltn
629 343 682 397 Vlll
699 344 797 409 (nisti
811 346 834 409 l)

133 517 216 580 llaec
240 535 360 597 quoque
384 517 463 596 quod
487 517 573 592 facio,
597 516 685 577 index
707 516 864 579 mirabitur
885 535 1008 596 aequus,

178 602 356 682 Scriptaque
379 621 446 664 cum
469 603 554 664 venia
579 602 807 680 qualiacumque
829 602 916 683 leget.

133 689 177 751 lla
200 687 274 748 mihi
297 687 471 749 Maeoniden
496 697 525 749 et
547 695 591 749 tot
614 687 810 767 circumspice
833 706 928 762 casus,

178 772 337 853 Ingenium
360 773 449 835 tantis
471 773 586 834 excidet
608 791 697 834 omne
720 773 813 834 malis.

133 857 274 937 lienique
295 877 419 920 securus
441 860 544 932 lamae,
567 858 652 931 liber,
675 858 719 919 ire
742 869 903 933 memento,

178 943 241 1004 Nec
264 942 318 1004 tihi
339 944 377 1005 sit
399 943 476 1005 lecto
499 944 682 1024 displicuisse
706 944 814 1022 pudor.

132 1028 203 1092 Non
230 1028 270 1089 ita
292 1047 325 1090 se
348 1028 471 1110 praehet
494 1028 582 1091 nohis
603 1030 723 1090 fortuna
747 1029 917 1102 secundam,

180 1112 221 1175 Ut
241 1112 295 1175 tihi
317 1114 355 1176 sit
378 1115 452 1175 ratio
476 1114 570 1176 laudis
594 1113 728 1175 habenda
751 1120 828 1174 tuae.

136 1199 244 1261 llcnec
267 1217 346 1260 eram
371 1218 484 1279 sospes,
507 1199 583 1260 tituli
605 1198 749 1277 tangebar
770 1217 882 1272 amore,

181 1283 411 1363 Quaerendique
434 1284 505 1345 mihi
529 1284 659 1346 nominis
680 1285 770 1345 ardor
792 1296 865 1345 erat.

135 1369 277 1432 Carmina
300 1370 429 1431 nuncsi
453 1389 515 1430 non
538 1369 738 1448 studiumque,
761 1370 839 1448 quod
865 1367 969 1440 obluit,
993 1369 1051 1441 odi,

182 1454 227 1516 Sit
249 1454 329 1518 satis.
373 1454 498 1535 Ingenio
521 1455 564 1516 sio
586 1456 655 1534 luga
678 1463 761 1534 parta
784 1473 860 1515 meo.

135 1539 184 1601 Tu
209 1550 306 1601 tamen
331 1540 340 1600 i
364 1559 419 1620 pro
443 1559 499 1611 me,
522 1549 565 1614 tu,
588 1541 636 1601 cui
660 1540 738 1613 licet,
761 1540 880 1620 adspice
902 1538 1042 1600 Romami

182 1625 218 1686 lli
241 1625 383 1700 lacerent,
407 1644 526 1706 possem
550 1643 632 1686 nunc
654 1643 738 1686 meus
761 1643 824 1686 esse
848 1624 938 1686 liberi

134 1710 202 1774 Nec
225 1719 264 1784 te,
287 1711 366 1789 quod
389 1711 489 1772 venias
511 1728 647 1790 magnam
671 1709 850 1790 peregrinus
872 1711 902 1772 in
928 1708 1042 1780 urbem,

181 1794 322 1875 Ignotum
346 1797 457 1876 populo
480 1815 567 1877 posse
590 1795 691 1856 venire
715 1803 797 1875 puta.

134 1879 178 1943 Ut
202 1879 287 1942 titulo
311 1898 420 1956 careas,
444 1881 509 1961 ipso
534 1899 658 1943 noscere
680 1880 792 1941 colore.

182 1964 375 2028 Dissimulare
398 1966 479 2041 velis,
502 1977 531 2028 te
554 1966 649 2045 liquet
671 1983 735 2027 esse
758 1982 868 2025 meum.

92 2092 95 2099 ·
136 2049 224 2114 Clam
246 2059 345 2112 tamen
370 2051 490 2125 intrato,
516 2070 553 2112 ne
575 2060 605 2112 te
627 2068 691 2112 mea
715 2050 846 2111 carmina
869 2048 996 2109 laedant.

85 2194 92 2221 ,
182 2136 250 2197 Non
274 2145 355 2210 sunt,
378 2146 411 2198 ut
434 2137 594 2216 quondam,
617 2136 706 2216 plena
729 2135 846 2207 favoris,
870 2142 966 2194 erant.

90 2256 93 2261 ,
137 2220 241 2300 Siquis
265 2221 330 2294 erit,
353 2222 404 2301 qui
426 2232 466 2296 te,
491 2222 559 2300 quia
582 2221 622 2283 sis
643 2239 739 2293 meus,
762 2238 826 2282 esse
848 2219 1008 2298 legendum
1188 2227 1218 2276 65

85 2272 98 2353 l

96 2420 101 2429 ·
136 2387 184 2444 Νι.
196 2388 256 2442 lat.
274 2385 655 2457 Sprichwdrtlieh'dsslllesser
706 2387 835 2454 quondam
846 2385 946 2452 lnlgore
953 2384 1080 2449 trahebar,
1089 2383 1150 2436 dum
1160 2383 1219 2436 tulit

96 2494 101 2503 -
137 2457 204 2511 sitzt
220 2457 270 2510 rnir
287 2472 319 2509 an
337 2457 383 2509 der
400 2449 500 2511 llehle’.
706 2461 841 2508 antemnas
864 2469 924 2507 aura
947 2453 1058 2507 secunda
1082 2467 1162 2507 meas.
1185 2481 1219 2490 -

109 2534 113 2541 '
172 2527 218 2579 45.
235 2527 310 2589 hace]
329 2527 449 2578 carmina.
706 2525 791 2589 titulo]
817 2522 1003 2589 Ursprdnglich
1025 2522 1082 2574 eine
1108 2519 1219 2573 lobende

172 2595 217 2646 46.
235 2596 324 2657 venia]
343 2593 491 2646 Nachsieht.
705 2591 824 2645 luschrilt
837 2597 912 2643 unter
924 2593 1006 2643 einem
1019 2589 1145 2642 llenlrmal
1157 2588 1220 2642 oder

97 2690 100 2695 ,
173 2663 218 2714 dl.
236 2663 272 2714 du
289 2663 366 2727 mihi]
383 2687 419 2709 ι-
440 2662 463 2715 si
487 2661 547 2714 mihi
567 2661 654 2714 dabis:
707 2661 753 2714 aul
761 2661 844 2713 einem
852 2659 932 2727 Brett,
941 2659 995 2721 das,
1005 2674 1037 2710 an
1047 2659 1118 2710 einer
1126 2659 1219 2722 langen

139 2727 226 2783 lladv.
244 2731 296 2785 tta
310 2745 334 2784 a.
356 2732 381 2784 2.
406 2759 436 2768 -
459 2729 503 2783 Nr.
521 2730 545 2781 V
562 2732 604 2783 di.
621 2759 654 2768 -
707 2728 804 2795 Stange
820 2728 954 2794 heiestigt,
976 2727 1011 2779 im
1029 2725 1219 2793 Triumphzuge

139 2797 311 2863 noeentum]
338 2814 360 2852 a.
387 2797 459 2853 Nr.l
482 2800 524 2851 22.
558 2795 656 2850 ‘Selhst
708 2812 759 2849 von
779 2796 902 2848 Soldaten
921 2801 1043 2861 getragen
1061 2792 1150 2845 wurde
1167 2793 1220 2844 und

139 2865 656 2934 daslllchtergenieeinesllomerwhrde
708 2864 755 2917 aul
770 2863 828 2916 dem
846 2863 888 2915 die
906 2861 969 2914 Zahl
987 2861 1032 2913 der
1045 2861 1220 2926 Gelengenen,

106 2934 109 2939 '
140 2933 281 2998 erlahmen
300 2950 377 2987 menn
395 2949 423 2987 es
441 2935 496 2987 sich
516 2935 541 2986 in
559 2935 658 2986 meiner
708 2931 858 2984 diellamen
868 2929 1057 2982 dercroberten
1067 2928 1220 2981 stertens.

139 3001 211 3071 lnge
229 2994 359 3056 belinde’.
708 3016 766 3052 zum
777 2996 1220 3062 uuundesreldherrnangegeben

174 3073 218 3125 48.
236 3071 276 3123 An
295 3072 369 3124 einen
387 3069 524 3138 Imperativ
541 3067 657 3121 schlielsl
710 3083 796 3120 waren
809 3065 987 3132 (Nnxvlao
1000 3062 1220 3132 Proprium

139 3138 199 3193 doh
216 3139 256 3192 uit
274 3139 316 3192 ein
329 3138 390 3192 Sata
408 3140 455 3191 mit
473 3138 557 3190 ciuem
570 3137 656 3189 Futur.
711 3138 765 3201 16);
784 3135 852 3187 dann
870 3134 1015 3200 uberhaupt
1027 3125 1086 3185 ‘der
1103 3123 1203 3185 Rnhm'.

100 3254 103 3259 ’
140 3205 520 3330 titl‘lttlthathttl
542 3206 590 3256 ll
613 3204 655 3257 n
743 3223 785 3274 ⁶⁶·
802 3221 924 3286 ‘wil
942 3218 995 3274 ⁸¹³¹·
1011 3247 1046 3256 “
1061 3217 1141 3285 sm]
1161 3217 1222 3271 ll·

176 3311 657 3398 ae-m.‘Sueneonnuntlrecuno
709 3289 1222 3428 ¹³⁸23¹2⁰gg343ehdummmm

85 3430 88 3449 '
139 3411 188 3533 ll
198 3409 657 3546 t‘retrnruiranuen
806 3439 1222 3576 elamitarum

139 3541 658 3680 wldffimmfamm]unbem-lmen
710 3577 1222 3699 ‹ppinsshaltvondemmeinerirhheren

746 3663 773 3700 er

139 3700 186 3738 nm
211 3684 261 3737 den
280 3683 372 3738 Bellall
394 3684 440 3737 der
457 3682 560 3750 llenge.
596 3682 658 3734 hus.
825 3647 992 3700 ’ΜΕΝ
1005 3638 1066 3744 fel·
1143 3728 1150 3741 Ο

140 3752 210 3806 Moe.
222 3755 282 3808 430,
746 3736 788 3787 5⁸1.
806 3734 904 3795 tomen]
917 3730 982 3783 nach
994 3729 1112 3797 langerer
1122 3728 1223 3795 llrgres·

178 3823 222 3875 53.
240 3820 307 3875 mv
327 3824 367 3885 12,
386 3823 460 3873 37⁸2,
479 3819 589 3886 denique
607 3833 658 3869 110„
711 3801 769 3854 sion
787 3799 862 3853 lrehrt
879 3799 924 3853 der
935 3799 1038 3852 Dichter
1055 3813 1114 3851 anm
1125 3796 1222 3850 Thema

142 3905 239 4010 parvas
256 3890 342 3942 animo
365 3889 410 3941 dat
433 3889 514 3955 gloria
541 3888 608 3938 vires
633 3893 659 3938 et
711 3869 816 3922 zffilcl·

154 3958 255 4012 ecnnda
278 3958 341 4010 lacit
364 3963 467 4025 pectora
488 3955 570 4008 laudis
589 3969 660 4006 amor
747 3956 788 4008 59.
807 3951 888 4022 quod]
907 3951 1035 4018 ohgleich.

143 4030 188 4093 (ι
201 4027 276 4079 tituli
287 4031 388 4092 amor);
408 4025 519 4078 nominis
539 4023 659 4077 etiamne
747 4024 788 4075 61.
807 4023 849 4084 ut]
868 4035 983 4073 concess.
