2934 4692
192 375 255 435 324
541 373 640 428 ottuu
656 373 734 427 XVII!
750 378 794 439 (ex
812 374 841 426 P.
852 374 883 427 ΙΙ
895 377 923 440 2)

193 549 283 610 Forte
304 569 395 611 senex
417 549 546 628 quidam,
569 559 658 610 coetu
681 565 750 608 cum
772 558 862 609 staret
884 548 916 608 in
941 547 1008 620 illo,

237 634 374 695 Reddidit
395 634 432 694 ad
456 645 574 696 nostros
596 633 663 694 talia
685 633 774 694 verba
795 652 904 694 sonos:

190 714 266 781 ‘Nos
287 738 408 799 quoque
430 720 575 780 amicitiae
598 737 719 790 nomen,
742 719 831 787 hone,
855 719 1006 791 norimus,
1031 720 1149 800 hospes,

236 804 319 875 Quos
342 805 447 884 procul
469 823 486 864 a
508 805 591 865 vohis
614 804 729 864 Pontus
750 815 781 864 et
802 803 903 864 Hister
926 803 1029 865 hahet.

194 890 246 950 Est
269 890 353 950 iocus
375 890 405 950 in
429 890 557 969 Scythia,
579 889 694 949 Tauros
716 888 817 950 dixere
839 889 969 968 priores,

237 974 296 1044 Qui
318 974 418 1035 Getica
442 974 531 1054 longe
554 994 615 1035 non
640 975 678 1034 ita
701 973 789 1035 distat
810 974 912 1035 humo.

195 1060 256 1120 flac
278 1079 334 1138 ego
356 1078 422 1120 sum
444 1069 523 1120 terra
545 1059 671 1139 (patriae
695 1078 751 1120 nec
773 1056 918 1140 paenitet)
941 1072 1039 1122 ortus.

238 1144 414 1206 consortem
438 1144 550 1205 Phoebi
573 1163 648 1224 gens
670 1145 742 1205 colit
763 1144 811 1204 illa
833 1145 928 1204 deam.

194 1230 317 1310 Templa
341 1240 464 1290 manent
487 1229 574 1291 hodie
596 1230 685 1291 rastis
706 1230 809 1290 innixa
831 1229 993 1304 columnis,

238 1315 354 1394 Perque
377 1325 483 1394 quater
504 1315 599 1376 denos
621 1316 682 1375 itur
703 1315 734 1376 in
758 1315 806 1375 illa
828 1316 946 1394 gradus.

196 1400 284 1460 Fama
307 1401 400 1460 refert
422 1401 481 1461 iilic
502 1401 621 1479 signum
644 1399 771 1461 caeleste
793 1400 899 1474 iuisse;

239 1486 366 1564 Quoque
388 1486 487 1546 minus
508 1485 635 1558 dubites,
658 1494 716 1546 stat
739 1485 817 1546 basis
840 1485 913 1546 orha
935 1487 1007 1560 dea;

197 1579 324 1650 Araque,
348 1590 423 1650 quae
446 1572 540 1631 iuerat
564 1580 668 1632 natura
693 1571 821 1631 candida
842 1572 915 1643 saxi,

240 1657 368 1717 Decolor
389 1656 492 1717 adfuso
515 1657 608 1717 tincta
631 1674 739 1716 cruore
761 1655 858 1718 rubet

198 1742 319 1802 Femina
342 1760 424 1803 sacra
446 1741 516 1802 iacit
537 1741 641 1802 taedae
663 1760 724 1802 non
749 1751 819 1802 nota
841 1741 939 1821 iugali,

240 1828 321 1898 Quae
343 1836 464 1905 superat
485 1827 637 1906 Scythicas
659 1825 814 1887 nobilitate
836 1845 940 1888 nurus.

198 1913 329 1974 Sacrifici
352 1931 447 1991 genus
470 1922 515 1972 est
536 1913 590 1989 (sic
613 1912 769 1973 instituere
791 1911 954 1992 parentes),

241 1997 359 2058 Adrena
381 1997 515 2076 virgineo
538 2016 641 2058 caesus
663 2007 695 2057 ut
718 2016 790 2058 ense
811 1998 905 2058 cadat

198 2084 300 2162 Regna
323 2082 445 2143 Thoans
466 2081 577 2153 hahuit,
600 2083 744 2143 Maeotide
767 2083 866 2144 clarus
886 2083 918 2143 in
942 2101 1006 2155 ora,

242 2169 302 2228 Nec
325 2168 380 2228 fuit
404 2167 527 2228 Euxinis
549 2169 649 2228 notior
670 2167 745 2228 alter
765 2168 860 2246 aquis
1242 2174 1262 2222 ut

199 2254 322 2333 Sceptra
345 2262 468 2313 tenente
491 2253 541 2313 illo
564 2253 689 2332 liquidas
711 2254 816 2314 iecisse
838 2271 893 2333 per
913 2271 1003 2314 auras

234 2424 275 2471 45.
297 2419 408 2481 Tauros]
428 2418 472 2469 Die
491 2418 567 2470 Tauri
588 2421 709 2471 wohnten
762 2419 840 2471 caede
849 2422 1201 2486 pharetrataespergiturara
1210 2419 1266 2470 deae.

200 2490 224 2537 in
244 2488 289 2538 der
306 2487 451 2537 taurischen
465 2487 648 2550 Chersonesos,
666 2487 711 2539 der
796 2492 837 2542 55.
856 2489 950 2539 taedae
961 2489 1064 2553 iugale]
1082 2489 1126 2541 die
1139 2488 1268 2540 Hochzeite

200 2557 320 2621 heutigen
340 2555 417 2605 Krim.
443 2554 492 2605 Der
510 2554 589 2606 Name
609 2556 653 2607 der
663 2555 711 2607 Be·
762 2556 855 2620 fackel,
874 2557 915 2608 hei
933 2556 1013 2607 deren
1032 2556 1132 2609 Schein
1152 2555 1268 2609 dieBraut

199 2625 306 2675 wohner
325 2624 395 2674 steht
407 2631 472 2673 statt
483 2622 529 2674 des
541 2622 653 2674 Namens
664 2623 710 2675 des
762 2640 803 2675 am
830 2625 920 2676 Ahend
948 2625 1014 2675 nach
1042 2625 1105 2677 dem
1127 2625 1212 2677 Hanse
1235 2623 1269 2674 do
1306 2628 1307 2693 i

200 2692 308 2743 Laudes.
325 2721 358 2729 -
376 2696 415 2741 ert
433 2691 514 2754 noro]
538 2707 578 2742 am
596 2691 709 2745 Versan·
762 2691 1269 2759 Briutigamsgeleitetwardffleductiot:
1306 2696 1307 2711 ¹

200 2762 269 2827 fang,
288 2759 453 2828 asyndetisch
471 2760 603 2826 angeihgt,
621 2761 671 2811 wie
684 2761 709 2811 in
763 2761 829 2812 Guhl
850 2779 875 2814 n.
895 2761 939 2813 K.⁶
951 2763 1011 2814 328.

200 2830 245 2881 der
271 2828 351 2895 Regel
379 2829 418 2879 hei
449 2827 714 2893 Ortsschilderungen.
801 2833 843 2882 56.
860 2834 956 2892 num]
980 2830 1127 2895 gebraucht
1145 2828 1270 2882 hesondert

236 2901 277 2951 46.
296 2900 376 2964 longe
392 2899 510 2959 nonita]
527 2904 590 2948 statt
607 2914 661 2947 non
673 2902 714 2948 ito
767 2896 832 2948 0vid
850 2897 938 2962 hiufig
956 2899 997 2949 hir
1013 2891 1108 2965 ‘junge
1125 2891 1209 2950 Fran’.

201 2967 287 3031 longe.
321 2966 448 3017 Ahnliehe
467 2965 652 3030 Nachstellunq
670 2965 715 3016 der
801 2970 841 3018 ot.
858 2970 927 3032 pon]
946 2992 978 3011 =
997 2970 1132 3033 maiom3
1159 2965 1234 3031 Verg.
1249 2967 1270 3015 A

201 3035 328 3101 Negation
357 3034 438 3085 findet
472 3035 526 3086 sich
557 3035 644 3099 hiufig
674 3034 714 3084 hei
766 3036 791 3095 6,
805 3037 854 3086 223
873 3049 944 3086 more
961 3041 1114 3100 parentum3
1128 3035 1185 3087 Cat.
1198 3030 1271 3087 Anu

202 3103 279 3162 0rid;
299 3110 329 3155 tr.
350 3103 369 3150 V
384 3107 407 3165 i,
420 3106 464 3162 53;
484 3118 515 3153 ex
528 3101 556 3153 P.
569 3102 599 3154 tlt
614 3108 636 3163 l,
651 3105 713 3162 155;
767 3106 795 3162 ῖς
814 3104 915 3154 aihnlich
934 3109 1033 3168 patres;
1053 3107 1176 3172 πατέρες
1187 3103 1241 3167 (0d.
1256 3103 1272 3162 6,

200 3171 234 3221 lV
254 3177 276 3234 1,
291 3173 336 3229 18;
358 3174 396 3233 14,
409 3175 455 3230 40;
475 3171 518 3222 Nr.
536 3170 604 3223 xvu
621 3173 645 3224 8.
767 3173 836 3236 245),
855 3177 949 3236 τοκῆες
964 3169 1021 3234 (Od
1039 3175 1065 3234 t,
1082 3175 1135 3236 54).

236 3242 277 3291 48.
298 3239 715 3302 eomortmptoeoideam1eine
801 3243 841 3291 58.
860 3240 928 3301 odo]
949 3237 1162 3306 Schiffbrdchige
1181 3237 1272 3289 worden

202 3306 331 3357 taurische
350 3306 446 3370 Gottin,
468 3307 567 3358 welche
585 3307 627 3358 die
645 3307 715 3358 Grie-
766 3311 815 3358 den
828 3307 1078 3372 Gotterngeopiert3
1092 3308 1188 3360 Herod.
1202 3307 1273 3371 4166

202 3375 267 3425 chen
294 3375 361 3424 ihrer
387 3375 499 3424 Artemis
525 3374 714 3438 gleichsteliten
767 3375 869 3426 θύουσι
886 3385 920 3441 τῇ
931 3375 1070 3442 παρθένῳ
1086 3381 1274 3438 consecrasq-

201 3445 271 3507 (Ταυ
289 3437 455 3505 onddosidhr
465 3442 585 3492 hrachten
596 3441 637 3492 die
647 3442 715 3494 Tau·
766 3450 830 3513 yods
856 3449 901 3494 καὶ
928 3448 991 3495 rods
1013 3445 1049 3494 dv
1072 3441 1184 3510 λάβωσι
1198 3437 1275 3508 ‘Eut-

203 3512 253 3563 rier
272 3460 486 3574 dtenscuenopter
504 3508 562 3575 dar3
581 3509 672 3563 Herod.
691 3516 715 3576 4,
767 3533 827 3565 vom
839 3512 1058 3577 ἐπαναχθέντασ.
1070 3513 1223 3566 -Oreetcs
1234 3509 1275 3563 und

204 3583 262 3633 103.
277 3609 308 3617 —
322 3581 405 3640 eom]
423 3592 544 3642 sororem,
563 3595 583 3628 z.
602 3577 659 3633 Tib.
672 3579 715 3632 Νι.
768 3580 880 3648 Pylades
898 3583 992 3646 gingen
1011 3581 1078 3631 nach
1098 3581 1221 3644 Taurien,
1242 3596 1275 3632 un

203 3648 246 3700 Vll
266 3651 307 3700 24.
768 3665 820 3700 von
839 3649 896 3700 dort
908 3649 953 3700 das
965 3647 1022 3699 Bild
1035 3648 1083 3699 der
1095 3649 1212 3702 Artemis
1223 3648 1276 3701 nach

238 3720 279 3769 49.
307 3716 414 3779 ternodo]
441 3714 546 3766 umiaist
575 3718 645 3766 baris
675 3719 718 3782 52,
768 3716 953 3769 Griecheniand
982 3733 1015 3767 zu
1044 3717 1134 3769 holen.
1179 3718 1230 3770 Nur
1254 3731 1276 3767 so

204 3802 255 3834 ara
273 3788 315 3846 53,
334 3784 459 3847 teneptum
477 3786 510 3835 65
529 3801 554 3835 u.
572 3787 613 3838 99.
770 3786 866 3836 konnte
880 3788 956 3850 jener
977 3801 1029 3835 von
1053 3785 1101 3837 der
1119 3785 1226 3840 Raserei
1242 3787 1277 3837 he·

239 3854 280 3905 52.
300 3854 375 3915 orda]
393 3867 418 3903 v.
438 3854 478 3905 93.
492 3882 524 3891 -
539 3852 590 3905 Vor
607 3857 662 3903 stat
680 3870 718 3905 er·
769 3855 828 3905 ireit
840 3853 951 3917 werden,
968 3853 1009 3904 die
1021 3854 1066 3905 ihn
1080 3854 1198 3908 heiallen
1210 3856 1278 3915 hatte,

204 3922 284 3986 ginze
304 3921 378 3971 scito.
771 3922 829 3973 weil
854 3938 882 3973 er
904 3922 975 3973 scine
992 3920 1091 3974 Mutter
1114 3923 1278 3992 Klytaimnet-

240 3993 280 4042 54.
299 3996 329 4041 tr.
348 3988 380 4039 tv
404 3992 428 4051 4,
441 3992 500 4042 638.
524 4006 571 4041 nec
590 3993 677 4056 procul
702 4007 715 4041 a
770 3997 807 4041 tra
826 3990 963 4042 ermordet.

206 4059 280 4110 nohis
299 4058 372 4111 locus
390 4066 438 4121 est,
465 4058 508 4110 uhi
532 4058 640 4110 Taurica
664 4060 716 4111 dira
804 4062 845 4111 59.
863 4057 986 4128 Maeotis]
997 4057 1043 4109 das
1053 4060 1203 4112 Asowsche
1212 4059 1279 4112 Meo.
