2934 4692
495 391 592 446 ovmrr
610 391 664 446 xm
681 394 759 461 (ense
770 395 802 450 m
813 398 838 460 a)

122 561 240 625 Lassus
263 562 293 624 in
319 565 458 627 extremis
482 566 563 627 iaceo
587 566 768 646 populisque
790 568 934 648 locisque,

169 647 209 708 Et
231 648 312 710 subit
335 649 451 712 adfecto
475 670 559 712 nunc
580 651 662 725 mihi,
686 652 829 733 quidquid
852 653 944 717 abest

122 734 235 797 Omnia
260 753 329 796 cum
352 735 488 810 subeant,
511 736 605 798 vincis
627 747 725 798 tamen
750 739 859 814 omnia,
883 741 1024 810 coniunx,

169 818 207 880 Et
230 819 298 900 plus
320 820 350 880 in
374 830 478 883 nostro
500 832 622 901 pectore
647 831 731 902 parte
754 832 848 885 tenes.

123 904 169 966 Te
193 905 302 984 loquor
323 905 487 980 absentem,
511 916 539 968 te
562 926 618 968 vox
641 925 706 968 mea
731 909 865 970 nominat
887 929 993 988 unam;

171 990 257 1051 Nulla
279 991 360 1051 venit
381 992 446 1053 sine
469 1004 498 1053 te
522 1011 582 1053 nor
605 992 686 1066 mihi,
711 993 791 1054 nulla
814 994 886 1056 dies.

128 1074 213 1148 Quin
237 1076 323 1137 etiam
348 1076 391 1137 sic
414 1095 462 1138 me
485 1077 590 1139 dicunt
612 1078 708 1139 aliena
730 1077 873 1152 locutum,

172 1160 211 1222 Ut
235 1161 311 1222 foret
335 1162 445 1223 amenti
469 1181 580 1223 nomen
606 1164 637 1224 in
661 1181 712 1224 ore
734 1173 829 1225 tuum.

126 1245 161 1307 Si
184 1247 242 1307 iam
265 1246 410 1321 deficiam,
434 1266 654 1327 suppressaque
676 1247 778 1327 lingua
802 1249 899 1330 palato

172 1331 227 1392 Vix
249 1331 390 1394 instillato
413 1333 595 1395 restituenda
619 1352 713 1407 mero,

126 1417 256 1478 Nuntiet
277 1417 335 1479 huc
357 1417 464 1497 aliquis
489 1419 639 1480 dominam
663 1420 789 1492 venisse,
812 1438 976 1501 resurgam,

174 1503 310 1582 Spesque
333 1503 377 1564 tui
401 1503 489 1565 nobis
511 1523 599 1566 causa
620 1504 731 1584 vigoris
753 1505 818 1565 erit.

129 1587 212 1667 Ergo
236 1606 291 1667 ego
314 1607 380 1649 sum
404 1588 513 1651 dubius
534 1590 620 1664 vitae,
643 1601 676 1650 tu
699 1590 822 1651 forsitan
847 1590 913 1652 istic

176 1673 343 1734 Iucundum
367 1675 462 1735 nostri
486 1675 586 1736 nescia
608 1685 728 1755 tempus
750 1673 832 1754 agis?

128 1758 199 1819 Non
224 1758 295 1836 agis,
318 1759 459 1835 adfirmo;
482 1759 577 1838 liquet
599 1760 666 1834 hoc,
690 1761 850 1834 carissima,
874 1761 970 1835 nobis,

175 1843 307 1923 Tempus
329 1844 376 1924 agi
400 1845 463 1906 sine
487 1863 619 1906 menon
644 1845 701 1907 nisi
723 1846 808 1907 triste
832 1846 893 1907 tibi.

131 1929 164 1991 Si
188 1937 287 1990 tamen
312 1929 435 2009 inplevit
457 1947 521 1990 mea
544 1949 618 2004 sors,
643 1949 718 2010 quos
741 1929 853 2004 debuit,
876 1949 982 2006 annos,

176 2012 216 2075 Et
235 2014 306 2074 mihi
330 2015 446 2076 vivendi
470 2026 528 2076 tarn
552 2015 610 2076 cito
634 2016 702 2077 linis
725 2016 817 2089 adest,

131 2098 285 2170 Quantum
310 2110 382 2174 erat,
408 2120 425 2161 o
448 2102 558 2180 magni,
582 2100 727 2162 morituro
752 2119 885 2179 parcere,
910 2101 977 2175 diri,

178 2183 217 2245 Ut
238 2185 343 2246 saltem
366 2186 461 2265 patria
484 2186 707 2247 contumularer
730 2184 838 2250 humo!

131 2268 191 2335 Vel
214 2288 312 2350 poena
333 2271 364 2331 in
389 2282 506 2350 tempus
528 2271 632 2332 mortis
654 2271 742 2333 dilata
767 2272 882 2344 luisset,

178 2354 230 2415 Vel
253 2356 454 2436 praecepisset
478 2375 559 2418 mors
581 2367 739 2437 properata
763 2356 880 2434 lugaml

131 2439 255 2520 integer
276 2442 353 2502 hanc
375 2442 461 2521 potui
484 2459 582 2521 nuper
604 2441 682 2503 bene
705 2443 830 2503 reddere
853 2441 968 2516 lucem3

177 2524 253 2588 Exul
276 2534 310 2587 ut
336 2527 511 2602 occiderem,
538 2545 619 2589 nunc
642 2527 714 2588 milri
735 2528 793 2588 vita
817 2527 883 2588 data
906 2536 960 2589 est.

133 2609 209 2672 Tam
231 2612 337 2691 procul
360 2613 471 2692 ignotis
493 2613 584 2692 igitur
606 2613 769 2674 moriemur
790 2613 821 2674 in
846 2613 915 2687 oris,

177 2695 216 2756 Et
238 2697 312 2757 fient
334 2698 398 2777 ipso
421 2698 515 2760 tristia
540 2700 597 2758 lata
619 2698 702 2774 loco;

132 2780 197 2844 Nec
220 2799 285 2843 mea
308 2792 453 2844 consueto
475 2783 672 2862 languescent
695 2801 821 2863 corpora
844 2782 931 2855 lecto,

171 2919 211 2969 14.
234 2918 317 2980 rudit]
342 2918 422 2969 menti
446 2918 508 2970 oder
530 2924 649 2970 mentem.
739 2918 779 2968 23.
799 2917 919 2980 domina]
938 2916 978 2967 die
991 2915 1088 2979 Gattin,
1106 2915 1157 2966 wie
1172 2913 1217 2967 do·

170 2987 211 3037 to.
228 2985 317 3051 parte]
330 3011 363 3030 =
377 3001 453 3052 qnam
470 2990 581 3052 partem;
598 2980 649 3038 ‘die
702 2985 788 3036 minus
806 2985 850 3035 der
868 2983 951 3035 Gatte.

131 3043 237 3117 Hillte',
249 3069 283 3105 m.
299 3056 337 3116 tt,
351 3056 414 3112 231;
433 3053 492 3105 llor.
506 3054 560 3106 e.ll
575 3057 615 3118 11,
626 3059 649 3118 5,
738 3055 779 3104 25.
800 3053 905 3115 dubius]
925 3052 973 3103 mit
992 3050 1047 3103 dem
1067 3049 1156 3102 (leuet.
1175 3049 1217 3101 bei

132 3134 177 3173 vo
196 3136 256 3187 pars
275 3122 375 3173 animae
393 3145 426 3164 =
444 3120 578 3175 dimidium
597 3123 650 3174 ani·
702 3120 837 3183 dientem,
860 3120 911 3171 wie
934 3119 1000 3172 auch
1024 3126 1122 3183 certus,
1145 3133 1167 3171 z.
1191 3118 1217 3168 b.

131 3203 192 3241 mae
210 3204 233 3241 c.
250 3188 261 3241 l
279 3191 303 3252 3,
322 3192 346 3243 8.
702 3195 764 3239 met.
783 3191 807 3250 6,
825 3190 884 3242 268.

170 3260 202 3311 19
213 3271 235 3311 s.
257 3260 321 3309 eie.
341 3261 432 3322 ..ut]
459 3251 493 3323 ‘ja
521 3273 549 3310 es
574 3258 651 3310 heilst
737 3258 778 3309 29.
797 3256 840 3308 Nr.
859 3255 867 3306 l
888 3259 919 3308 'll
943 3272 969 3307 u.
987 3252 1044 3309 Tib.
1064 3254 1107 3306 Nr.
1126 3253 1158 3306 lll
1176 3255 1218 3308 53.

132 3338 220 3391 cogar,
235 3325 276 3376 ich
290 3326 362 3377 bitte
374 3326 400 3376 in
413 3325 457 3377 der
471 3326 557 3378 Weise
570 3326 651 3394 phan-
737 3328 778 3378 31.
805 3329 936 3391 quantum
963 3327 1033 3387 crat]
1055 3348 1090 3369 ι
1112 3322 1217 3406 luissetp

132 3394 234 3459 tasiert,
251 3393 308 3445 dass
325 3394 367 3446 ich
387 3394 478 3445 immer
495 3395 587 3446 deinen
601 3395 650 3446 Na·
703 3393 753 3444 wie
769 3393 904 3460 wirsagen
921 3384 987 3443 ‘was
1003 3406 1058 3443 war
1072 3405 1100 3443 es
1110 3391 1209 3458 grolses

132 3476 195 3514 men
213 3461 247 3512 im
267 3460 362 3514 Mende
385 3455 486 3514 ldhrte'.
701 3487 735 3507 =
754 3462 805 3513 wie
824 3462 921 3526 wenig;
940 3465 1000 3512 met.
1020 3464 1045 3524 4,
1062 3462 1103 3512 34.

170 3532 211 3583 19.
231 3531 321 3582 aliena
341 3531 424 3596 loque]
443 3531 492 3583 irre
509 3530 594 3583 reden.
738 3532 779 3582 34.
797 3528 903 3594 fugam]
923 3544 945 3580 a.
963 3527 1007 3579 Nr.
1024 3528 1034 3579 l
1053 3529 1094 3581 63.

168 3599 211 3651 21.
229 3602 381 3665 suppresso]
399 3600 441 3650 sit.
460 3614 492 3650 ex
505 3598 534 3653 P.
546 3598 561 3650 1
574 3602 598 3663 3,
608 3601 650 3652 9s.
737 3601 779 3651 35.
794 3599 908 3649 reddero
920 3597 1013 3660 mecm]
1026 3596 1077 3648 wie
1089 3613 1113 3648 r.
1125 3598 1218 3657 vitam,

132 3671 160 3719 et
184 3666 234 3718 iam
257 3666 381 3718 deficiens
404 3668 442 3718 sic
460 3668 491 3719 ad
511 3672 554 3718 tua
572 3667 650 3719 verba
702 3663 1217 3731 spiritum,onimam‚dtem:dasLeben

130 3733 229 3798 revixi,
247 3739 276 3786 ut
294 3735 362 3787 solet
380 3735 466 3787 inluso
484 3751 549 3787 vena
570 3736 651 3787 redire
704 3733 768 3785 wird
790 3748 839 3785 ons
861 3733 1002 3799 gleichsam
1025 3748 1073 3785 nor
1090 3732 1218 3798 geliehen,

132 3817 213 3870 mero.
232 3831 267 3840 —
288 3819 430 3870 suppressa
458 3804 485 3867 l.]
513 3819 564 3855 vox
591 3819 651 3871 sup·
704 3802 771 3854 heim
784 3800 856 3853 Tode
875 3806 980 3853 meissen
1000 3802 1046 3852 wir
1064 3815 1092 3852 es
1111 3799 1219 3852 zurdck·

132 3885 223 3939 pressa
258 3875 329 3934 (met.
356 3877 384 3937 5,
414 3874 472 3937 193)
507 3872 652 3924 restituitor
704 3871 801 3936 gebem
819 3874 879 3921 met.
898 3872 922 3933 6,
941 3871 999 3922 212.

132 3939 223 4058 palato
242 3939 354 4005 (datie.);
379 3956 420 4006 ep.
440 3940 537 4008 Sapph.
559 3943 603 3993 111
624 3945 651 3991 et
738 3941 779 3990 39.
799 3943 925 3989 eoruueto
944 3938 971 4000 l.]
990 3952 1012 3990 z.
1030 3935 1087 3988 Tib.
1100 3934 1218 3988 Nalm.

144 4008 256 4060 aerimae
285 4007 375 4060 derant
406 4010 489 4060 oculis
519 4013 545 4061 et
571 4009 650 4060 verba
703 4035 737 4044 —
760 4009 885 4071 corpora]
908 4021 960 4058 von
983 4006 1084 4057 eidem
1106 4003 1217 4069 Korper:

133 4075 231 4142 palato.
703 4074 745 4126 die
764 4073 931 4142 lldrperteile.

187 4168 253 4212 Rom.
269 4167 380 4221 Elegilrer.
396 4170 416 4212 l.
433 4169 492 4212 And.
980 4159 1011 4209 20
