2934 4692
543 264 639 318 ovibu
656 265 689 318 lx
707 267 786 329 (trist.
800 267 849 332 12)

85 413 308 514 Quamque
332 434 412 496 dedit
432 436 519 498 vitam
544 437 697 500 mitissima
720 438 854 501 Caesaris
876 440 929 515 ira,

188 519 279 581 Hauc
301 520 389 582 sinite
412 521 514 583 infelix
538 523 568 584 in
591 524 656 585 ioca
677 524 756 585 iussa
779 526 880 588 ieram.

85 583 164 659 Si
202 623 334 684 quoque,
356 625 444 685 quam
467 608 572 680 merui,
594 627 690 688 poena
713 628 762 670 me
784 611 910 690 perdere
928 610 1025 686 vultis,

192 690 286 771 Culpa
308 710 374 752 mea
397 701 441 753 est
463 693 528 772 ipso
551 693 648 755 iudice
669 704 767 755 morte
788 696 897 757 minor.

97 758 267 837 Mittere
290 795 338 837 me
361 777 477 857 Stygias
498 778 522 839 si
546 778 603 850 iam
625 779 767 840 voluisset
789 779 819 841 in
843 780 938 843 undas

190 861 308 936 Caesar,
332 861 362 922 in
386 863 444 923 hoo
465 872 560 924 vestra
583 883 644 925 non
669 864 798 944 eguisset
821 885 888 946 ope.

112 930 203 1010 Est
228 946 270 1007 iili
294 947 387 1008 nostri
412 967 472 1008 nou
496 948 640 1010 invidiosa
662 950 779 1011 cruoris

192 1030 300 1111 Copia3
324 1032 463 1112 quodque
486 1033 575 1108 dedit,
600 1053 668 1096 cum
690 1034 777 1108 volet,
801 1035 865 1115 ipse
887 1036 971 1100 seret.

121 1104 209 1179 Vos
234 1118 332 1190 modo,
357 1135 431 1195 quos
454 1127 534 1180 certe
558 1119 649 1193 nullo,
674 1129 757 1199 puto,
780 1120 904 1181 crimine
928 1121 1011 1195 iaesi,

193 1201 337 1263 Contenti
360 1204 471 1264 uostris
493 1204 561 1278 iam,
585 1223 702 1285 precor,
726 1214 788 1267 este
810 1205 907 1267 malisi

131 1279 214 1350 Nec
239 1297 349 1362 tameo,
373 1296 406 1348 ut
427 1289 528 1351 cuncti
551 1289 691 1351 miserum
715 1308 832 1351 servare
854 1290 959 1374 velitis,

190 1373 282 1443 Quod
305 1373 403 1453 periit,
425 1373 536 1435 salvum
560 1375 617 1436 iam
641 1386 730 1454 caput
752 1394 817 1437 esse
839 1385 946 1456 potest.

134 1451 185 1519 Ut
210 1476 292 1518 mare
315 1458 460 1533 considat,
482 1460 636 1538 ventisque
658 1460 824 1522 serentibus
847 1472 922 1534 utar,

188 1542 232 1604 Ut
254 1543 326 1603 mihi
349 1545 485 1623 parcatis,
509 1564 571 1605 uon
593 1546 695 1607 minus
718 1546 786 1606 exui
808 1565 870 1606 eru.

139 1624 219 1690 Nou
244 1646 300 1706 ego
323 1628 436 1690 divitias
458 1630 558 1691 avidus
580 1631 646 1691 sine
668 1633 728 1692 hue
751 1629 876 1711 parandi

189 1713 300 1776 Latum
320 1715 471 1776 mutandis
494 1715 642 1777 mercibus
664 1734 778 1795 aequor
800 1734 861 1789 aro,

137 1795 213 1860 Nec
235 1807 315 1879 peto,
338 1817 411 1878 quas
433 1800 584 1878 quondam
606 1802 677 1881 petii
701 1801 861 1875 studiosus,
883 1800 1024 1873 Athenas,

191 1882 312 1964 Oppida
335 1903 397 1945 uon
421 1885 517 1960 Asiae,
541 1905 602 1947 nou
626 1886 691 1948 loca
714 1887 774 1948 visa
796 1887 889 1966 prius,

138 1966 228 2043 Non,
251 1977 286 2029 ut
307 1969 465 2031 Alexandri
488 1971 595 2031 claram
618 1971 731 2033 delatus
754 1972 784 2031 iu
807 1971 914 2032 urbem

190 2053 321 2116 Delicias
343 2054 467 2129 videam,
490 2056 554 2117 Nile
576 2056 685 2132 iocose,
708 2066 785 2118 tuas.
1201 2062 1231 2113 80

85 2216 101 2315 Ξ
184 2240 230 2292 61.
248 2237 275 2290 Z.
288 2237 332 2290 Nr.
345 2237 401 2290 vni
420 2241 462 2294 20.
753 2230 934 2292 'ib-94.‘lch
952 2237 1108 2290 fabrenicht
1125 2238 1172 2289 ant
1188 2236 1233 2290 der

85 2314 127 2569 Ἰ-
181 2308 227 2360 55·
246 2309 272 2356 δι’
288 2308 352 2370 iam]
371 2331 404 2351 =
423 2309 498 2377 elye,
516 2310 543 2357 el
556 2302 668 2374 μὲνὸή,
718 2306 778 2376 See,
791 2323 833 2359 nm
846 2305 967 2358 mirGeld
980 2322 1011 2359 zu
1024 2305 1156 2358 erwerhen
1170 2306 1234 2358 oder

140 2388 226 2428 veno
246 2373 378 2437 virilium
398 2376 452 2428 her.
470 2378 494 2441 3,
512 2376 555 2428 67.
574 2404 608 2415 -
626 2373 665 2445 in]
717 2377 785 2429 mich
804 2393 835 2428 au
852 2378 1014 2442 vergndgem
1033 2374 1098 2427 uach
1111 2373 1186 2427 Tomi
1205 2375 1231 2426 in

140 2456 226 2497 wenn
245 2457 273 2495 er
292 2441 361 2495 mich
379 2443 450 2496 batte
469 2459 520 2496 von
538 2444 588 2496 den
606 2444 666 2497 Flu·
717 2441 1229 2509 dieVerhannnngh'rhrtmichdasSchiff.

140 2518 193 2565 ten
219 2509 266 2562 der
285 2509 351 2579 Styx
369 2511 466 2564 wolleu
483 2512 665 2579 verschiingen
716 2512 809 2579 Bringt
826 2512 894 2564 mich
919 2512 1003 2564 sicher
1025 2512 1090 2563 nach
1108 2510 1165 2563 dem
1185 2512 1233 2563 mir

140 2577 366 2640 lassen31h.589
387 2579 478 2632 mediis
492 2581 568 2646 periit
579 2581 605 2632 in
618 2597 665 2634 un·
715 2597 768 2634 von
786 2580 919 2646 Augustos
937 2580 1101 2632 bestimmten
1121 2571 1181 2633 Ort?

140 2646 202 2708 dis;
228 2661 262 2698 m.
287 2649 329 2710 to,
350 2651 400 2701 697
429 2646 521 2716 Stygia
548 2664 663 2715 mergere
752 2646 1230 2710 76.motandismoreibuslbativdes

140 2713 231 2776 undu
250 2713 325 2783 Prop.
340 2715 383 2768 Nr.
395 2715 516 2770 xxxuo
535 2717 575 2768 his
592 2731 663 2784 pres·
716 2717 798 2769 Zieis:
818 2732 861 2768 um
882 2715 975 2767 Waren
994 2730 1026 2767 zo
1044 2715 1177 2767 tenschen.
1197 2744 1231 2754 -

141 2796 194 2837 nus
207 2781 314 2850 Stygias
332 2784 432 2836 vultum
451 2785 554 2836 demisit
572 2786 599 2836 in
617 2800 663 2837 uu·
715 2800 818 2850 aequor
835 2800 917 2835 arare
939 2782 1001 2835 oder
1022 2783 1128 2835 sulcare
1149 2781 1231 2834 findet

145 2851 207 2905 dus.
715 2854 770 2904 sich
791 2850 877 2918 hiufig
895 2852 937 2902 hei
955 2850 1091 2911 Dichteru;
1116 2850 1154 2902 sie
1172 2865 1229 2902 ver-

182 2920 225 2971 ca.
243 2917 323 2971 Ovids
335 2917 499 2972 Pentameter
515 2918 598 2985 gehen
611 2919 663 2972 bis·
715 2919 833 2986 gleicheu
844 2920 885 2971 die
894 2918 1077 2970 Meerestlache
1088 2918 1135 2970 mit
1144 2919 1228 2970 einem

85 3030 96 3047 ,.
139 2987 243 3040 veilen
255 2987 302 3038 aut
312 2987 387 3039 einen
399 2987 495 3039 huraen
509 2987 594 3039 Vohal
606 3003 660 3040 aus.
713 2986 861 3040 hekerfeid.
890 2987 1000 3039 Schiiier
1012 2984 1053 3039 Bi.
1067 3002 1092 3037 v.
1105 2986 1139 3041 u.
1154 2979 1229 3038 ‘Wer

85 3084 95 3119 ‚t
182 3057 226 3108 or.
260 3056 406 3120 inuidiosa]
440 3054 582 3122 ‘Augustus
618 3055 662 3106 hat
714 3056 760 3107 das
779 3059 869 3121 grune,
886 3053 917 3106 irr
937 3053 1046 3106 stallene
1063 3053 1127 3107 Feld
1163 3054 1229 3120 fldgt

139 3122 236 3179 flecht
253 3123 317 3175 inber
329 3124 397 3176 meiu
410 3123 505 3189 heheu,
522 3124 590 3176 ohne
606 3123 661 3176 dats
694 3124 759 3175 mit
782 3123 828 3176 des
851 3071 960 3175 Schiffes
985 3123 1113 3175 eilendem
1130 3070 1229 3184 hbet&

114 3208 119 3215 ·
140 3205 176 3246 en
193 3191 248 3243 ihm
265 3190 330 3243 Neid
348 3187 475 3258 eiutrigt}
495 3192 550 3244 also
569 3215 602 3236 ε
614 3207 661 3244 un·
713 3192 840 3257 Shahesp.
858 3189 978 3244 Heiur.V
997 3193 1012 3244 3
1035 3191 1080 3243 the
1099 3191 1227 3244 furrowed

139 3260 296 3314 bestritten.
712 3276 767 3313 sea.

180 3328 224 3381 68.
237 3326 477 3391 fmtl=auferet,
490 3327 660 3380 eineiormel·
748 3332 789 3381 77.
807 3329 935 3390 Athenas]
955 3343 977 3378 z.
996 3325 1042 3380 Nn.
1062 3327 1071 3378 Ι
1089 3328 1131 3378 35.

140 3395 218 3450 hatte
237 3394 385 3461 Wendun33
405 3395 463 3450 Hor.
477 3412 535 3464 epp.
548 3396 558 3447 Ι
574 3398 614 3461 16,
627 3399 659 3449 33
747 3399 787 3450 79.
806 3398 870 3459 non]
884 3397 994 3460 erginze
1005 3394 1168 3460 proficiscor
1179 3409 1226 3447 aus

140 3463 190 3533 qni
210 3463 281 3516 dedit
298 3464 348 3517 hoc
366 3463 451 3529 hodie,
474 3480 530 3517 cras
548 3465 570 3516 si
588 3464 660 3516 volet
711 3464 770 3517 dem
795 3462 1023 3530 vorhergehendeo
1052 3479 1154 3528 aequor
1177 3478 1226 3513 uro

142 3531 249 3586 auferet
266 3549 291 3584 u.
310 3533 384 3585 diter.
712 3548 737 3586 n.
764 3537 834 3598 peto.
854 3561 887 3570 -
909 3530 1022 3594 deferri]
1050 3531 1128 3582 heitst
1154 3530 1226 3583 nicht

182 3603 224 3653 71.
241 3602 282 3664 ut]
299 3615 415 3653 concess.
434 3601 484 3652 wie
502 3601 568 3652 auch
586 3615 612 3651 v.
626 3603 658 3652 73
710 3615 759 3652 nur
775 3595 953 3665 ‘verschiageu
971 3595 1094 3662 werden’,
1113 3597 1224 3651 sondern

139 3684 170 3722 u.
190 3669 231 3720 tc
267 3667 321 3721 tul
339 3671 364 3734 4,
383 3671 444 3721 ms.
471 3684 519 3720 vos
546 3668 658 3720 animam
711 3668 750 3720 ost
780 3668 845 3719 auch
873 3683 922 3719 von
947 3665 1024 3718 Wind
1051 3664 1104 3717 nod
1126 3666 1226 3719 Wetter

139 3750 241 3790 saevae
258 3736 352 3789 fessam
376 3736 511 3789 subducite
529 3737 613 3799 morti,
635 3735 658 3787 si
709 3729 786 3788 ‘uach
806 3734 888 3787 eihem
907 3734 960 3787 Ziel
979 3727 1225 3800 getrageuwerden'

140 3803 232 3870 modo,
261 3804 285 3856 ui
292 3806 376 3871 periit,
386 3805 552 3871 nonperiisse
563 3808 658 3869 potest.
710 3804 773 3869 (Cic.
792 3803 863 3854 Verr.
882 3802 916 3854 IV
936 3807 976 3866 10,
995 3805 1048 3868 21).

180 3874 223 3926 73.
241 3821 400 3942 Juvenum]
413 3895 447 3917 ==
459 3871 591 3933 secundis;
605 3872 658 3938 vgl.
748 3876 789 3926 80.
810 3871 880 3935 Nile]
899 3871 944 3924 der
956 3871 1036 3923 Name
1054 3870 1100 3923 des
1119 3870 1223 3922 Flnsses

143 3944 239 4011 φοράς,
258 3944 350 4011 φέρων
367 3944 467 4009 ἄνεμος
483 3941 540 4005 (Od.
554 3944 578 4007 3,
592 3943 660 4006 300).
713 3945 777 3993 statt
788 3939 834 3993 der
843 3939 988 3993 Rewohuer
997 3939 1043 3992 des
1052 3938 1160 4004 Laudes,
1177 3937 1224 3990 das

196 4031 261 4076 Rom.
276 4032 388 4088 Elegiher.
415 4035 435 4077 4.
449 4035 509 4078 Aah.
549 4058 550 4061 =
988 4027 1019 4077 19
